@misc{nakamoto2008bitcoin,
  title={Bitcoin: A peer-to-peer electronic cash system},
  author={Nakamoto, Satoshi},
  year={2008}
}
@article{wood2014ethereum,
  title={Ethereum: A secure decentralised generalised transaction ledger},
  author={Wood, Gavin},
  journal={Ethereum Project Yellow Paper},
  volume={151},
  year={2014}
}